@online{versus,
    url = {https://versus.com/},
    title = {Versus}
}

@online{kimovil,
    url = {https://www.kimovil.com/pl/},
    title = {Kimovil}
}

@online{gsm_arena,
    url = {https://www.gsmarena.com/},
    title = {GSM Arena}
}

@online{mgsm,
    url = {https://mgsm.pl},
    title = {mgsm}
}

@online{TypeScript,
    url = {https://www.typescriptlang.org/},
    title = {TypeScript},
    author = {Microsoft}
}

@online{React,
    url = {https://reactjs.org/},
    title = {React},
    author = {Meta (dawniej Facebook)}
}

@online{react_router, 
    url = {https://reactrouter.com/en/main},
    title = {React Router},
    author = {Remix run}
}

@online{react_toastify, 
    url = {https://fkhadra.github.io/react-toastify/introduction},
    title = {React toastify}
}

@online{python, 
    url = {https://www.python.org/},
    title = {Python}
}

@online{psf, 
    url = {https://www.python.org/psf-landing/},
    title = {Python Software Foundation}
}

@online{flask, 
    url = {https://flask.palletsprojects.com/en/2.2.x/},
    title = {Flask}
}

@online{flask_apscheduler,
    url = {https://viniciuschiele.github.io/flask-apscheduler/},
    title = {Flask-APScheduler}
}

@online{firebase,
    url = {https://firebase.google.com/},
    title = {Firebase},
    author = {Google}
}

@online{firestore,
    url = {https://firebase.google.com/docs/firestore/},
    title = {Firestore},
    author = {Google}
}

@online{cloud_storage,
    url = {https://cloud.google.com/storage/},
    title = {Google Cloud Storage},
    author = {Google}
}

@online{github_actions,
    url = {https://github.com/features/actions},
    title = {Github Actions},
    author = {Microsoft}
}

@online{render,
    url = {https://render.com/},
    title = {Render}
}

@online{vercel,
    url = {https://vercel.com/},
    title = {Vercel}
}